@book{Stauffer,
author={D. Stauffer and A. Aharony},
title="Introduction to percolation theory",
booktitle="Introduction to percolation theory",
publisher="Taylor \& Francis Inc",
year={2003},
pages={57-87}
}


@article{Kopelman,
author={J. Hoshen and R. Kopelman},
title="Percolation and cluster distribution I. Cluster multiple labeling technic and critical concentration algorithm.",
journal="Physical Review B",
volume={14},
year={1976},
pages={3438-3445}
}

