@article{Onsager,
  title = {Crystal Statistics. I. A Two-Dimensional Model with an Order-Disorder Transition},
  author = {Onsager, Lars},
  journal = {Phys. Rev.},
  volume = {65},
  issue = {3-4},
  pages = {117--149},
  numpages = {0},
  year = {1944},
  month = {Feb},
  publisher = {American Physical Society},
  doi = {10.1103/PhysRev.65.117},
  url = {https://link.aps.org/doi/10.1103/PhysRev.65.117}
}



@article{Kopelman,
author={J. Hoshen and R. Kopelman},
title="Percolation and cluster distribution I. Cluster multiple labeling technic and critical concentration algorithm.",
journal="Physical Review B",
volume={14},
year={1976},
pages={3438-3445}
}
